@ARTICLE{CAR,
  
AUTHOR={Knochelmann, Hannah M. and Smith, Aubrey S. and Dwyer, Connor J. and Wyatt, Megan M. and Mehrotra, Shikhar and Paulos, Chrystal M.},   
	 
YEAR={2018},  	
	 
TITLE={CAR T Cells in Solid Tumors: Blueprints for Building Effective Therapies},      
	
JOURNAL={Frontiers in Immunology},      
	
VOLUME={9},      

PAGES={1740},     
    
}

@article{PERICA20181135,

author={Karlo Perica and Kevin J. Curran and Renier J. Brentjens and Sergio A. Giralt},

title={Building a CAR Garage: Preparing for the Delivery of Commercial CAR T Cell Products at Memorial Sloan Kettering Cancer Center},

year={2018},

journal={Biology of Blood and Marrow Transplantation},

volume={24},

number={6},

pages={1135 - 1141},

issn={1083-8791},

}